<?xml version="1.0" encoding="UTF-8"?><record xmlns="http://www.loc.gov/MARC21/slim" xmlns:cinclude="http://apache.org/cocoon/include/1.0" xmlns:zs="http://www.loc.gov/zing/srw/">
  <leader>01740nz  a2200277n  4500</leader>
  <controlfield tag="001">nb2015012397</controlfield>
  <controlfield tag="003">DLC</controlfield>
  <controlfield tag="005">20150702050907.0</controlfield>
  <controlfield tag="008">150701n| azannaabn          |a ana      </controlfield>
  <datafield tag="010" ind1=" " ind2=" ">
    <subfield code="a">nb2015012397</subfield>
  </datafield>
  <datafield tag="035" ind1=" " ind2=" ">
    <subfield code="a">(Uk)009374227</subfield>
  </datafield>
  <datafield tag="040" ind1=" " ind2=" ">
    <subfield code="a">Uk</subfield>
    <subfield code="b">eng</subfield>
    <subfield code="e">rda</subfield>
    <subfield code="c">Uk</subfield>
  </datafield>
  <datafield tag="046" ind1=" " ind2=" ">
    <subfield code="s">2011</subfield>
    <subfield code="2">edtf</subfield>
  </datafield>
  <datafield tag="110" ind1="1" ind2=" ">
    <subfield code="a">Flanders (Belgium).</subfield>
    <subfield code="b">Onroerend Erfgoed</subfield>
  </datafield>
  <datafield tag="368" ind1=" " ind2=" ">
    <subfield code="a">Administrative agencies</subfield>
    <subfield code="2">lcsh</subfield>
  </datafield>
  <datafield tag="370" ind1=" " ind2=" ">
    <subfield code="c">Belgium</subfield>
    <subfield code="e">Brussels (Belgium)</subfield>
    <subfield code="f">Flanders (Belgium)</subfield>
    <subfield code="2">naf</subfield>
  </datafield>
  <datafield tag="372" ind1=" " ind2=" ">
    <subfield code="a">Historic sites</subfield>
    <subfield code="a">Historic buildings</subfield>
    <subfield code="a">Antiquities</subfield>
    <subfield code="2">lcsh</subfield>
  </datafield>
  <datafield tag="377" ind1=" " ind2=" ">
    <subfield code="a">dut</subfield>
  </datafield>
  <datafield tag="410" ind1="2" ind2=" ">
    <subfield code="a">Onroerend Erfgoed (Government agency : Flanders, Belgium)</subfield>
  </datafield>
  <datafield tag="410" ind1="2" ind2=" ">
    <subfield code="a">Agentschap Onroerend Erfgoed (Flanders, Belgium)</subfield>
  </datafield>
  <datafield tag="410" ind1="1" ind2=" ">
    <subfield code="a">Flanders (Belgium).</subfield>
    <subfield code="b">Agentschap Onroerend Erfgoed</subfield>
  </datafield>
  <datafield tag="410" ind1="2" ind2=" ">
    <subfield code="a">Flanders Heritage Agency</subfield>
  </datafield>
  <datafield tag="510" ind1="2" ind2=" ">
    <subfield code="w">r</subfield>
    <subfield code="i">Predecessor:</subfield>
    <subfield code="a">Vlaams Instituut voor het Onroerend Erfgoed</subfield>
  </datafield>
  <datafield tag="670" ind1=" " ind2=" ">
    <subfield code="a">Relicta, 9 (2012):</subfield>
    <subfield code="b">t.p. (Onroerend Erfgoed) t.p. verso (Flanders Heritage Agency) ; 1 (2006): cover (Vlaams Instituut voor het Onroerend Erfgoed) t.p. (VIOE) t.p. verso (Flemish Heritage Institute)</subfield>
  </datafield>
  <datafield tag="670" ind1=" " ind2=" ">
    <subfield code="a">Its website, viewed 1 July 2015:</subfield>
    <subfield code="b">home p. (Onroerend Erfgoed) about p. (agency of the Flemish government; concerned with architectural and archaeological heritage, and landscape, heraldic and maritime heritage) contact p. (Agentschap Onroerend Erfgoed, Koning Albert II-laan 19, bus 5, 1210 Brussels)</subfield>
  </datafield>
  <datafield tag="670" ind1=" " ind2=" ">
    <subfield code="a">Dutch Wikipedia, viewed 1 July 2015</subfield>
    <subfield code="b">(Onroerend Erfgoed, agentschap; concerned with heritage policy; established on 1 July 2011; formerly Vlaams Instituut voor het Onroerend Erfgoed, founded in March 2004 as the successor to Instituut voor het Archeologisch Patrimonium and the Kenniscentrum of the then Afdeling Monumenten en Landschappen)</subfield>
  </datafield>
</record>